<record><leader>00000cas a2200000 a 4500</leader><controlfield tag="001">10047242</controlfield><controlfield tag="008">831022d18871917nyuwr ne      0    0eng c</controlfield><datafield ind1=" " ind2=" " tag="010"><subfield code="a">sn 83031914 </subfield></datafield><datafield ind1=" " ind2=" " tag="040"><subfield code="a">NPU</subfield><subfield code="b">eng</subfield><subfield code="c">NPU</subfield><subfield code="d">NPX</subfield><subfield code="d">NYS</subfield><subfield code="d">OCLCQ</subfield><subfield code="d">OCLCF</subfield><subfield code="d">OCLCO</subfield></datafield><datafield ind1="1" ind2=" " tag="029"><subfield code="a">AU@</subfield><subfield code="b">000020370194</subfield></datafield><datafield ind1=" " ind2=" " tag="042"><subfield code="a">pcc</subfield></datafield><datafield ind1=" " ind2=" " tag="043"><subfield code="a">n-us-ny</subfield></datafield><datafield ind1="0" ind2="4" tag="245"><subfield code="a">The Westchester County reporter.</subfield></datafield><datafield ind1=" " ind2=" " tag="260"><subfield code="a">White Plains, Westchester County, N.Y. :</subfield><subfield code="b">Chas. S. Patteson,</subfield><subfield code="c">1887-</subfield></datafield><datafield ind1=" " ind2=" " tag="300"><subfield code="a">v. ;</subfield><subfield code="c">58-66 cm.</subfield></datafield><datafield ind1=" " ind2=" " tag="310"><subfield code="a">Weekly</subfield></datafield><datafield ind1="0" ind2=" " tag="362"><subfield code="a">Vol. 1, no. 1 (Oct. 26, 1887)-</subfield></datafield><datafield ind1="1" ind2=" " tag="362"><subfield code="a">Ceased weekly publication in 1917. Cf. Daily Reporter, Sept. 26, 1933.</subfield></datafield><datafield ind1=" " ind2=" " tag="500"><subfield code="a">Publisher: William &amp; Edmund Sutherland, &lt;Nov. 10, 1893-&gt;</subfield></datafield><datafield ind1=" " ind2=" " tag="500"><subfield code="a">"A newspaper--not an organ; clean enterprising and independent."</subfield></datafield><datafield ind1=" " ind2=" " tag="500"><subfield code="a">Publisher: Daily Reporter Pub. Co. &lt;1907-1920&gt;.</subfield></datafield><datafield ind1="4" ind2=" " tag="510"><subfield code="a">Hufeland, O. Checklist</subfield><subfield code="c">p. 274</subfield></datafield><datafield ind1=" " ind2=" " tag="580"><subfield code="a">Daily ed.: Daily Reporter (White Plains, N.Y.).</subfield></datafield><datafield ind1=" " ind2="0" tag="651"><subfield code="a">White Plains (N.Y.)</subfield><subfield code="v">Newspapers.</subfield></datafield><datafield ind1=" " ind2="0" tag="651"><subfield code="a">Westchester County (N.Y.)</subfield><subfield code="v">Newspapers.</subfield></datafield><datafield ind1=" " ind2="7" tag="655"><subfield code="a">Newspapers.</subfield><subfield code="2">fast</subfield><subfield code="0">(OCoLC)fst01423814</subfield></datafield><datafield ind1=" " ind2="7" tag="651"><subfield code="a">New York (State)</subfield><subfield code="z">Westchester County.</subfield><subfield code="2">fast</subfield><subfield code="0">(OCoLC)fst01202684</subfield></datafield><datafield ind1=" " ind2="7" tag="651"><subfield code="a">New York (State)</subfield><subfield code="z">White Plains.</subfield><subfield code="2">fast</subfield><subfield code="0">(OCoLC)fst01212009</subfield></datafield><datafield ind1=" " ind2=" " tag="752"><subfield code="a">United States</subfield><subfield code="b">New York</subfield><subfield code="c">Westchester</subfield><subfield code="d">White Plains.</subfield></datafield><datafield ind1="1" ind2=" " tag="775"><subfield code="t">Daily reporter (White Plains, N.Y.)</subfield></datafield><datafield ind1="0" ind2="5" tag="780"><subfield code="t">Mt. Kisco weekly</subfield><subfield code="w">(DLC)sn 85025692</subfield><subfield code="w">(OCoLC)11859743</subfield></datafield><datafield ind1="0" ind2="1" tag="785"><subfield code="t">Daily reporter (White Plains, N.Y.)</subfield><subfield code="w">(DLC)sn 92062016</subfield><subfield code="w">(OCoLC)26498499</subfield></datafield></record>